@misc{ wiki:osv,
    author = "{Wikipedia contributors}",
    title = "OS-level virtualization --- {Wikipedia}{,} The Free Encyclopedia",
    year = "2020",
    howpublished = "\url{https://en.wikipedia.org/w/index.php?title=OS-level_virtualization&oldid=958577453}",
    note = "[Online; accessed 7-June-2020]"
}
@misc{ wiki:chroot,
    author = "{Wikipedia contributors}",
    title = "Chroot --- {Wikipedia}{,} The Free Encyclopedia",
    year = "2020",
    howpublished = "\url{https://en.wikipedia.org/w/index.php?title=Chroot&oldid=956131816}",
    note = "[Online; accessed 7-June-2020]"
}
@inproceedings{kamp2000jails,
  title={Jails: Confining the omnipotent root},
  author={Kamp, Poul-Henning and Watson, Robert NM},
  booktitle={Proceedings of the 2nd International SANE Conference},
  volume={43},
  pages={116},
  year={2000}
}
@misc{ freebsd:chroot,
    title = "chroot - FreeBSD Manual Pages",
    howpublished = "\url{http://man.freebsd.org/chroot/2}",
    note = "[Online; accessed 7-June-2020]"
}
@misc{ jail,
    author = "{David Chisnall}",
    title = "DragonFly BSD: UNIX for Clusters?",
    year = "2020",
    howpublished = "\url{https://www.informit.com/articles/printerfriendly/766375}",
    note = "[Online; accessed 2019-03-06]"
}
@misc{ wiki:jail,
    author = "{Wikipedia contributors}",
    title = "FreeBSD jail --- {Wikipedia}{,} The Free Encyclopedia",
    year = "2020",
    howpublished = "\url{https://en.wikipedia.org/w/index.php?title=FreeBSD_jail&oldid=945967483}",
    note = "[Online; accessed 7-June-2020]"
}
@misc{ lxc_docker,
    title = "{Docker 0.9: introducing execution drivers and libcontainer - Docker Blog}",
    howpublished = "\url{https://www.docker.com/blog/docker-0-9-introducing-execution-drivers-and-libcontainer/}",
    note = "[Online; accessed 2018-05-09]"
}
@misc{ wiki:lxc,
    author = "{Wikipedia contributors}",
    title = "LXC --- {Wikipedia}{,} The Free Encyclopedia",
    year = "2020",
    howpublished = "\url{https://en.wikipedia.org/w/index.php?title=LXC&oldid=958749686}",
    note = "[Online; accessed 11-June-2020]"
}
@misc{ wiki:docker,
    author = "{Wikipedia contributors}",
    title = "Docker (software) --- {Wikipedia}{,} The Free Encyclopedia",
    year = "2020",
    howpublished = "\url{https://en.wikipedia.org/w/index.php?title=Docker_(software)&oldid=960398220}",
    note = "[Online; accessed 7-June-2020]"
}
@misc{ ns:man,
    title = "namespaces(7) - Linux Programmer's Manual",
    howpublished = "\url{https://man7.org/linux/man-pages/man7/namespaces.7.html}",
    note = "[Online; accessed 11-Jun-2020]"
}
@misc{ ns:lwn,
    title = "Namespaces in operation, part 1: namespaces overview",
    howpublished = "\url{https://lwn.net/Articles/531114/}",
    note = "[Online; accessed 11-Jun-2020]"
}
@misc{ ns:cgroup,
    title = "cgroup\_namespaces(7) - Linux Programmer's Manual",
    howpublished = "\url{https://man7.org/linux/man-pages/man7/cgroup_namespaces.7.html}",
    note = "[Online; accessed 11-Jun-2020]"
}
@misc{ ns:time,
    title = "time\_namespaces(7) - Linux Programmer's Manual",
    howpublished = "\url{https://man7.org/linux/man-pages/man7/time_namespaces.7.html}",
    note = "[Online; accessed 11-Jun-2020]"
}
@misc{ cg:man,
    title = "cgroups(7) - Linux Programmer's Manual",
    howpublished = "\url{https://man7.org/linux/man-pages/man7/cgroups.7.html}",
    note = "[Online; accessed 12-Jun-2020]"
}
@misc{ ofs:artic,
    title = "Explaining OverlayFS â€“ What it Does and How it Works",
    author = "Thom Denholm",
    howpublished = "\url{https://www.datalight.com/blog/2016/01/27/explaining-overlayfs-%E2%80%93-what-it-does-and-how-it-works/}",
    note = "[Online; accessed 12-Jun-2020]"
}
@misc{ ofs:kernel,
    title = "OverlayFS - The Linux Kernel Archives",
    author = "Neil Brown",
    howpublished = "\url{https://www.kernel.org/doc/Documentation/filesystems/overlayfs.txt}",
    note = "[Online; accessed 12-Jun-2020]"
}
@misc{ wiki:rust,
    author = "{Wikipedia contributors}",
    title = "Rust (programming language) --- {Wikipedia}{,} The Free Encyclopedia",
    year = "2020",
    howpublished = "\url{https://en.wikipedia.org/w/index.php?title=Rust_(programming_language)&oldid=961355473}",
    note = "[Online; accessed 12-June-2020]"
}